<record><leader>00000cas a2200000 a 4500</leader><controlfield tag="001">14440433</controlfield><controlfield tag="008">861020d19701971kyuzr ne      0    0eng d</controlfield><datafield ind1=" " ind2=" " tag="010"><subfield code="a">sn 86069648 </subfield></datafield><datafield ind1=" " ind2=" " tag="040"><subfield code="a">KNP</subfield><subfield code="b">eng</subfield><subfield code="c">KNP</subfield><subfield code="d">OCL</subfield><subfield code="d">OCLCQ</subfield></datafield><datafield ind1=" " ind2=" " tag="042"><subfield code="a">msc</subfield></datafield><datafield ind1="0" ind2=" " tag="130"><subfield code="a">Martin Mercury (Inez, Ky.)</subfield></datafield><datafield ind1="1" ind2="4" tag="245"><subfield code="a">The Martin Mercury.</subfield></datafield><datafield ind1=" " ind2=" " tag="260"><subfield code="a">Inez, Ky. :</subfield><subfield code="b">[s.n.],</subfield><subfield code="c">1970-1971.</subfield></datafield><datafield ind1=" " ind2=" " tag="310"><subfield code="a">Every 4th Fri.</subfield></datafield><datafield ind1=" " ind2=" " tag="321"><subfield code="a">Monthly</subfield></datafield><datafield ind1="0" ind2=" " tag="362"><subfield code="a">Vol. 1, no. 1 (Mar. 1970)-v. 2, no. 3 (Feb. 26, 1971).</subfield></datafield><datafield ind1=" " ind2="4" tag="651"><subfield code="a">Inez (Ky.)</subfield><subfield code="v">Newspapers.</subfield></datafield><datafield ind1=" " ind2="4" tag="651"><subfield code="a">Martin County (Ky.)</subfield><subfield code="v">Newspapers.</subfield></datafield><datafield ind1=" " ind2=" " tag="752"><subfield code="a">United States</subfield><subfield code="b">Kentucky</subfield><subfield code="c">Martin</subfield><subfield code="d">Inez.</subfield></datafield><datafield ind1="0" ind2="0" tag="785"><subfield code="t">Martin County Mercury</subfield><subfield code="w">(DLC)sn 85007399</subfield></datafield><datafield ind1="1" ind2=" " tag="029"><subfield code="a">AU@</subfield><subfield code="b">000025829453</subfield></datafield></record>